<?xml version="1.0" encoding="UTF-8"?><collection xmlns="http://www.loc.gov/MARC21/slim"><record><leader>00369nam--2200145-i-4500</leader><controlfield tag="001">000032488</controlfield><controlfield tag="002">20161230</controlfield><controlfield tag="005">20161230201039</controlfield><controlfield tag="008">060222s1000------------r-----000-0-eng-d</controlfield><datafield ind1=" " ind2=" " tag="080"><subfield code="a">61.039.8</subfield></datafield><datafield ind1=" " ind2=" " tag="100"><subfield code="a">Marghitu, V</subfield></datafield><datafield ind1=" " ind2=" " tag="245"><subfield code="a">Aplicatiile industriale cu surse inchise ale radiatiilor gama</subfield></datafield><datafield ind1=" " ind2=" " tag="260"><subfield code="a">Bucuresti, I.D.T., 1972, 119p</subfield></datafield><datafield ind1=" " ind2=" " tag="490"><subfield code="a">Cuir</subfield></datafield><datafield ind1=" " ind2=" " tag="852"><subfield code="a">36257</subfield></datafield></record></collection>